<record><leader>00000cas a22000007a 4500</leader><controlfield tag="001">29742134</controlfield><controlfield tag="008">940203d197u19uunmuwr ne      0    0eng d</controlfield><datafield ind1=" " ind2=" " tag="010"><subfield code="a">sn 94056816 </subfield></datafield><datafield ind1=" " ind2=" " tag="040"><subfield code="a">NVM</subfield><subfield code="b">eng</subfield><subfield code="c">NVM</subfield><subfield code="d">OCLCQ</subfield><subfield code="d">OCLCF</subfield><subfield code="d">OCLCO</subfield></datafield><datafield ind1="1" ind2=" " tag="029"><subfield code="a">AU@</subfield><subfield code="b">000025896592</subfield></datafield><datafield ind1=" " ind2=" " tag="042"><subfield code="a">msc</subfield></datafield><datafield ind1=" " ind2=" " tag="043"><subfield code="a">n-us-nm</subfield></datafield><datafield ind1="0" ind2=" " tag="130"><subfield code="a">Valley bulletin (Santa Fe, N.M.)</subfield></datafield><datafield ind1="1" ind2="4" tag="245"><subfield code="a">The valley bulletin.</subfield></datafield><datafield ind1=" " ind2=" " tag="260"><subfield code="a">[Santa Fe, N.M.?] :</subfield><subfield code="b">Bulletin Division of the New Mexican</subfield></datafield><datafield ind1=" " ind2=" " tag="300"><subfield code="a">v.</subfield></datafield><datafield ind1=" " ind2=" " tag="310"><subfield code="a">Weekly,</subfield><subfield code="b">&lt;Jan. 31-July 11, 1974&gt;</subfield></datafield><datafield ind1=" " ind2=" " tag="321"><subfield code="a">Semiweekly,</subfield><subfield code="b">&lt;Nov. 1-Dec. 27, 1973&gt;</subfield></datafield><datafield ind1=" " ind2=" " tag="588"><subfield code="a">Description based on: Vol. 1, no. 41 (Nov. 1, 1973).</subfield></datafield><datafield ind1=" " ind2="0" tag="651"><subfield code="a">Rio Arriba County (N.M.)</subfield><subfield code="v">Newspapers.</subfield></datafield><datafield ind1=" " ind2="0" tag="651"><subfield code="a">Los Alamos County (N.M.)</subfield><subfield code="v">Newspapers.</subfield></datafield><datafield ind1=" " ind2="7" tag="655"><subfield code="a">Newspapers.</subfield><subfield code="2">fast</subfield><subfield code="0">(OCoLC)fst01423814</subfield></datafield><datafield ind1=" " ind2="7" tag="651"><subfield code="a">New Mexico</subfield><subfield code="z">Los Alamos County.</subfield><subfield code="2">fast</subfield><subfield code="0">(OCoLC)fst01230875</subfield></datafield><datafield ind1=" " ind2="7" tag="651"><subfield code="a">New Mexico</subfield><subfield code="z">Rio Arriba County.</subfield><subfield code="2">fast</subfield><subfield code="0">(OCoLC)fst01220265</subfield></datafield><datafield ind1=" " ind2=" " tag="752"><subfield code="a">United States</subfield><subfield code="b">New Mexico</subfield><subfield code="c">Santa Fe</subfield><subfield code="d">Santa Fe.</subfield></datafield></record>